@inproceedings{restricted,
  author    = {Valentin Polishchuk and
               Mikko Sysikaski},
  title     = {Faster Algorithms for Minimum-Link Paths with Restricted Orientations},
  booktitle = {Algorithms and Data Structures - 12th International Symposium, {WADS}
               2011, New York, NY, USA, August 15-17, 2011. Proceedings},
  pages     = {655--666},
  year      = {2011},
}
@article{revisited,
  author    = {Joseph S. B. Mitchell and
               Valentin Polishchuk and
               Mikko Sysikaski},
  title     = {Minimum-link paths revisited},
  journal   = {Comput. Geom.},
  volume    = {47},
  number    = {6},
  pages     = {651--667},
  year      = {2014},
  url       = {https://doi.org/10.1016/j.comgeo.2013.12.005},
  doi       = {10.1016/j.comgeo.2013.12.005},
  timestamp = {Sat, 20 May 2017 00:25:27 +0200},
  biburl    = {https://dblp.org/rec/bib/journals/comgeo/MitchellPS14},
  bibsource = {dblp computer science bibliography, https://dblp.org}
}
@INPROCEEDINGS{survey,
    author = {Joseph S.B. Mitchell},
    title = {Geometric Shortest Paths and Network Optimization},
    booktitle = {Handbook of Computational Geometry},
    year = {1998},
    pages = {633--701},
    publisher = {Elsevier Science Publishers B.V. North-Holland}
}
